3008 4800
185 276 248 339 372
533 273 560 328 S.
589 272 725 326 Aureli
752 274 968 343 Augustini

184 487 290 533 eorum
306 467 389 532 oculi
404 466 490 549 pessi
505 471 589 543 suut,
609 486 668 530 non
684 466 815 530 ueritate
829 465 965 544 fallente,
984 466 1040 532 sed
1054 466 1132 547 ipsis
1152 466 1318 531 ueritatem

184 575 342 659 percipere
370 593 429 638 non
459 573 638 638 ualentibus
667 579 700 637 et
726 573 811 637 aliud
839 592 931 655 quem
959 592 1010 637 ree
1033 576 1082 638 est
1105 573 1317 656 opinantibus

183 680 405 763 nequisquam
425 699 459 743 se
480 679 640 745 Christum
660 681 828 763 agnouisse
847 679 1025 756 arbitretur,
1044 677 1072 742 ei
1090 679 1159 743 eius
1179 678 1317 760 corporis

182 787 339 869 particeps
356 805 414 851 nen
430 790 488 863 eet,
508 785 540 848 id
555 789 604 850 est
618 785 780 862 ecclesiae,
796 785 886 851 cuius
902 786 1054 850 unitatem
1072 784 1103 848 in
1122 789 1317 849 sacramente

182 891 271 974 panis
304 890 502 955 commendet
533 890 694 972 apostolus
728 890 853 955 dicens:
887 910 987 955 unus
1029 891 1154 973 penis,
1197 908 1316 955 unum
1347 914 1360 954 s

183 1015 327 1079 eorpus
364 995 484 1060 multi
520 1016 666 1073 sumus,
704 1002 749 1072 ut,
782 1015 854 1060 cum
887 997 932 1062 eis
969 996 1167 1061 benedictum
1205 1014 1317 1078 penem

181 1102 364 1184 porrigeret,
389 1102 582 1184 aperirentur
605 1102 688 1167 oculi
713 1121 818 1166 eorum
840 1106 871 1166 et
889 1104 1094 1186 agnoscerent
1112 1120 1196 1177 eum,
1219 1100 1318 1182 eperi-

181 1213 288 1272 rentur
306 1208 415 1289 utique
435 1207 473 1270 ed
493 1207 560 1271 eius
580 1208 790 1292 cognitionem
809 1215 928 1272 remoto
948 1209 1070 1274 scilicet
1091 1207 1316 1289 inpedimento,

181 1332 243 1394 quo
274 1314 469 1390 tenebantur,
502 1333 540 1377 ue
573 1317 788 1396 agnoscerent.
826 1333 926 1395 neque
954 1315 1036 1378 enim
1069 1314 1186 1379 eleusis
1215 1312 1316 1377 oculis

181 1419 397 1493 ambulabant;
427 1418 482 1483 sed
510 1419 609 1483 iuerat
633 1418 750 1500 aliquid
775 1438 836 1500 quo
862 1438 922 1483 nou
946 1420 1122 1484 sinerentur
1144 1437 1357 1502 agnoscerem

181 1524 265 1607 quod
285 1524 442 1600 uidebant,
467 1524 549 1605 quod
568 1523 691 1588 seilicet
709 1529 740 1588 et
759 1524 861 1608 caligo
886 1531 918 1588 et
940 1525 1055 1606 aliquis
1078 1544 1168 1590 umor
1192 1525 1314 1591 efficere

181 1631 272 1698 solet.
303 1650 361 1696 nen
399 1629 472 1711 quie
506 1630 650 1694 dominus
683 1649 742 1694 non
778 1633 901 1713 poteret
931 1631 1150 1695 transformare
1191 1650 1314 1696 carnem

180 1755 281 1813 suem,
310 1735 432 1799 utalia
459 1754 492 1799 re
520 1754 594 1799 uera
622 1740 706 1799 esset
734 1735 865 1818 effigies,
894 1755 953 1799 nou
982 1755 1075 1818 quam
1099 1737 1243 1802 solebant
1266 1739 1313 1802 illi

181 1841 332 1920 contueri,
352 1840 615 1924 quandoquidem
632 1846 748 1905 etente
766 1841 944 1924 passionem
964 1861 1053 1906 suem
1073 1843 1313 1907 transformatus

180 1949 277 2014 estin
297 1952 412 2024 monte,
435 1951 470 2011 ut
487 1948 584 2012 lacios
609 1948 676 2012 eius
700 1948 885 2013 claresceret
903 1948 987 2012 sicut
1005 1950 1052 2013 sol
1071 1984 1113 1995 -
1132 1949 1224 2031 quale
1244 1950 1313 2014 uult
1330 1968 1355 2008 a

180 2055 262 2119 enim
296 2073 408 2136 eorpus
441 2055 479 2118 de
512 2054 734 2137 qualicumque
766 2073 893 2135 corpore
926 2074 1034 2119 uerum
1068 2055 1106 2119 de
1135 2073 1207 2119 uero
1235 2057 1312 2119 fecit

179 2160 234 2243 qui
258 2160 295 2224 de
319 2179 400 2242 aqua
423 2180 497 2224 uera
521 2160 630 2224 uinum
655 2180 763 2224 uerum
787 2160 861 2224 fecit
885 2199 936 2238 -‚
954 2161 1008 2226 sed
1034 2180 1093 2225 non
1117 2161 1161 2226 ita
1182 2162 1309 2236 fecerat,

180 2284 251 2330 cum
285 2266 429 2348 apparuit
464 2266 527 2330 illis
561 2266 683 2330 duobus
715 2267 745 2329 in
778 2267 839 2330 alia
867 2268 978 2350 effigie.
1020 2286 1080 2332 non
1113 2268 1194 2332 enim
1228 2269 1310 2332 sicut

178 2378 244 2435 erat
276 2371 421 2454 apperuit
451 2371 496 2435 eis
529 2391 660 2454 quorum
694 2372 776 2435 oculi
807 2373 1000 2449 tenebantur,
1037 2392 1075 2437 ne
1107 2379 1310 2456 agnoscerent

179 2496 258 2541 eum.
297 2496 356 2541 uon
385 2485 489 2541 autern
519 2477 760 2560 incongruenter
786 2477 957 2560 accipimus
981 2477 1039 2543 hoc
1060 2477 1308 2560 inpedimentum
1327 2496 1353 2534 ιο

177 2583 209 2646 in
238 2582 337 2646 oeulis
367 2600 475 2646 eorum
504 2588 653 2646 asatane
677 2583 786 2659 fuisse,
815 2602 853 2647 ne
877 2590 1097 2666 agnosceretur
1120 2584 1225 2660 1esus;
1253 2584 1308 2648 sed

177 2692 281 2752 temen
309 2707 328 2750 a
355 2686 479 2751 Christo
508 2691 558 2750 est
584 2688 668 2751 saeta
694 2687 858 2770 permissio
889 2706 986 2769 usque
1014 2687 1051 2751 ud
1079 2695 1308 2753 sacramentum

177 2793 277 2874 penis,
297 2797 332 2855 ut
351 2792 470 2856 unitate
490 2794 627 2875 corporis
647 2793 714 2857 eius
735 2793 920 2877 participata
937 2794 1089 2858 remoueri
1107 2794 1310 2878 intellegetur

177 2898 425 2980 inpedimentum
451 2898 580 2974 inimici,
606 2907 642 2963 ut
666 2899 809 2964 Christus
832 2900 934 2980 possit
957 2901 1092 2983 agnosci.

265 3137 390 3193 blCor.
413 3140 454 3202 10,
476 3141 506 3193 17
557 3141 624 3195 eor.
647 3143 709 3196 Luc.
729 3143 771 3209 24,
790 3143 821 3195 31
877 3141 1174 3199 lucillianum?
1222 3145 1253 3196 17
1274 3144 1306 3197 cl.

176 3226 233 3280 Iob.
253 3229 277 3290 2,
298 3229 381 3280 7-11

213 3349 309 3419 lnon]
327 3368 380 3404 nou
400 3352 463 3420 inp
543 3351 668 3406 fallentes
687 3352 776 3405 B¹CP
854 3354 938 3422 ipsius
961 3354 1008 3406 GP
1088 3354 1201 3407 ueritate
1219 3351 1309 3406 B¹OP

176 3439 192 3490 2
212 3438 361 3508 perspicere
379 3437 420 3492 Ν2
482 3440 498 3491 5
518 3457 599 3492 unum
618 3441 694 3510 pauie
713 3440 750 3493 13²
809 3443 825 3494 9
844 3445 1022 3510 agnoscerent
1040 3459 1100 3495 eunr
1119 3442 1146 3510 ψ,
1166 3458 1224 3494 eum
1244 3457 1306 3508 agn.

174 3525 245 3594 19²7
265 3527 384 3580 raelm
487 3528 569 3581 leusis
587 3527 626 3581 13¹
693 3530 725 3582 10
744 3529 833 3582 anbul.
852 3529 879 3581 Β
944 3530 973 3582 11
995 3547 1046 3599 quo
1065 3530 1169 3584 scilicet
1187 3536 1248 3594 (cm.
1269 3533 1306 3587 etl

175 3614 232 3670 RD
307 3615 338 3669 12
358 3615 490 3669 seleutO
569 3623 716 3670 transmare
735 3617 773 3670 B¹
847 3619 926 3672 lein
944 3624 1062 3671 montem
1080 3617 1165 3673 ΒΕΖ)
1235 3620 1305 3671 eninr

175 3702 234 3756 uult
252 3720 273 3752 ω
291 3720 307 3756 r
390 3704 437 3757 uul
455 3704 482 3756 B
555 3706 586 3758 16
606 3706 713 3774 corpus]
733 3703 929 3759 admirabiliter
948 3723 1042 3774 corpus
1058 3723 1088 3773 p.
1107 3704 1263 3759 admirabile
1284 3723 1305 3759 c.

174 3807 241 3845 rac
322 3792 354 3845 17
373 3809 437 3846 uere
456 3800 481 3846 et
499 3808 591 3846 uerum
611 3808 662 3846 om.
681 3792 718 3846 Μ
734 3811 749 3844 ι
822 3810 914 3847 uerum
933 3794 1025 3846 uiuum
1043 3793 1188 3863 flante
1208 3794 1304 3848 culm

175 3878 287 3946 iecerat]
308 3878 373 3932 iecit
391 3880 536 3949 flaute
627 3881 659 3935 18
679 3882 780 3950 ep0ruit
797 3882 834 3934 B¹
946 3882 1163 3951 illis-apperuit
1181 3898 1231 3936 om.
1251 3883 1305 3950 ψρ

175 3965 257 4034 enim]
278 3967 347 4019 euim
367 3967 447 4021 aliter
465 3984 544 4036 quam
563 3974 621 4023 eret
638 3969 687 4023 sed
705 3988 722 4038 χ
741 3970 826 4023 rael
880 3970 914 4023 20
933 3980 1110 4038 congruenter
1131 3970 1179 4023 GP
1230 3985 1305 4022 acce·

174 4053 262 4120 pimus
280 4052 384 4107 A¹E¹L
438 4056 467 4107 21
490 4057 518 4109 in
536 4072 586 4110 usn.
609 4056 659 4110 ΟΡ
711 4056 805 4125 luisse]
825 4056 909 4110 luisse
927 4056 1028 4109 facturn
1050 4056 1085 4116 H,
1105 4057 1203 4110 iactum
1223 4054 1306 4108 fuisse

175 4140 255 4194 ΑΕΒ
275 4160 305 4210 a(
322 4143 383 4210 gel
436 4142 470 4196 22
488 4142 560 4198 iacta
579 4152 620 4197 est
644 4144 669 4197 l'
680 4162 702 4213 p
