3008 4800
166 336 229 399 350
516 331 543 387 S.
570 333 705 386 Aureli
732 333 947 402 Augustini

167 521 265 590 bendo
293 526 396 590 minus
425 545 550 591 curasse
578 526 614 590 de
637 526 771 605 ludaeis
800 526 945 608 quamuis
973 525 1088 589 soleret
1109 526 1140 588 in
1164 525 1290 592 domiuo

166 631 317 698 audiendo
341 650 446 696 eorum
470 632 650 696 inimicitias
674 631 821 700 deuitare.

102 735 143 797 60
210 739 324 803 XXIII.
350 737 499 820 Sequitur
516 737 691 802 Mattheus:
716 735 782 800 ⁶⁹et
803 742 956 819 accepto
981 756 1131 819 corpore
1153 738 1289 821 Ioseph

166 844 333 908 inuoluit
358 842 456 907 illud
483 845 517 907 ln
546 842 698 907 sindone
725 843 857 906 munda
890 842 953 907 ⁶⁰et
980 843 1109 924 posuit
1136 843 1233 907 illud
1254 843 1289 907 In

166 952 400 1013 monumento
439 968 503 1013 suo
540 967 643 1024 nouo,
680 948 776 1030 quod
813 947 1001 1012 exciderat
1036 948 1069 1011 in
1107 954 1222 1031 petra.
1255 953 1333 1013 eta

167 1055 339 1120 aduoluit
375 1072 499 1118 saxum
535 1071 701 1137 magnum
740 1053 783 1117 ad
819 1053 954 1118 ostium
992 1055 1217 1118 monumenti
1256 1058 1292 1119 et

166 1160 268 1225 abiit
296 1159 422 1223 Marcus
452 1160 512 1223 sio:
544 1158 705 1240 ⁴‘Ioseph
738 1167 859 1222 autem
888 1163 1071 1223 mercatus
1100 1160 1290 1225 siudonem

168 1271 204 1330 et
232 1265 417 1348 deponens
447 1283 526 1329 eum
553 1264 717 1328 inuoluit
749 1264 901 1329 siudone
930 1268 966 1328 et
992 1265 1120 1346 posuit
1147 1285 1226 1329 eum
1254 1265 1290 1328 in

167 1374 412 1444 monumento,
442 1369 537 1452 quod
565 1374 644 1433 erat
670 1370 832 1433 excisum
856 1369 900 1434 de
923 1373 1036 1451 petra,
1060 1382 1096 1433 et
1119 1370 1292 1434 aduoluit

168 1476 328 1559 lapidem
343 1475 386 1540 ad
402 1475 538 1539 ostium
552 1475 786 1541 monumenti.
806 1476 907 1540 Luoas
923 1475 981 1540 sio:
1001 1473 1066 1540 ⁵⁸et
1080 1475 1288 1559 depositum
1311 1503 1336 1543 ιο

167 1581 333 1645 inuoluit
368 1581 402 1645 in
440 1580 593 1645 sindone
630 1585 665 1643 et
700 1581 829 1663 posuit
871 1599 949 1644 eum
985 1580 1020 1644 in
1057 1586 1290 1646 monumento

168 1687 300 1760 eerso
329 1686 364 1749 in
392 1705 461 1768 quo
496 1685 649 1751 nonduin
683 1687 878 1768 quisquam
912 1687 1061 1768 positus
1093 1687 1228 1750 fuerat.
1256 1705 1291 1750 eu

167 1793 214 1855 his
242 1793 343 1857 tribus
371 1793 457 1856 nulla
485 1793 626 1876 quaestio
655 1792 858 1856 dissensIonis
888 1792 959 1856 oriri
986 1797 1100 1874 potest.
1137 1793 1291 1856 Iohannes

166 1912 270 1960 autem
295 1898 486 1980 sepultusum
511 1898 627 1963 domini
651 1917 710 1962 non
730 1916 748 1960 a
766 1897 832 1962 solo
855 1897 978 1980 Ioseph,
1002 1898 1056 1962 sed
1080 1917 1096 1960 a
1120 1896 1291 1962 Nicodemo

167 2021 288 2085 quoque
325 2008 463 2067 curatum
499 2005 597 2068 inlesa
633 2008 864 2068 commemorat.
901 2006 1125 2085 consequenter
1161 2003 1242 2066 enim
1275 2021 1336 2070 aas

167 2108 336 2173 Nicodemo
355 2109 505 2190 incipiens
520 2110 693 2174 itanarrat:
713 2107 845 2172 ³⁹uenit
863 2113 981 2172 autem
1003 2112 1038 2172 et
1056 2108 1292 2177 Nicodemus‚

168 2214 229 2296 qui
252 2219 406 2278 uenerat
425 2215 468 2278 ad
486 2216 605 2279 Iesum
626 2220 733 2279 noete
756 2214 926 2295 primum,
950 2215 1071 2278 ferens
1096 2208 1290 2277 mixturam

167 2339 309 2384 murrae
338 2325 374 2384 et
401 2322 502 2387 aloes
536 2323 639 2404 quasi
673 2321 786 2385 libras
819 2323 975 2385 eentum.
1009 2319 1118 2382 deinde
1150 2319 1294 2401 sequitur

168 2426 339 2510 adiungens
358 2428 462 2507 ipsum
482 2428 593 2510 Ioseph
614 2431 646 2490 et
664 2427 753 2490 dicit:
777 2426 1030 2508 ⁴⁰aoeeperunt
1052 2444 1138 2508 ergo
1159 2444 1293 2508 eorpus

169 2533 254 2596 Iesu
274 2535 310 2595 et
328 2533 545 2615 ligauerunt
567 2552 645 2597 eum
670 2533 797 2597 linteis
822 2550 902 2596 eum
927 2531 1167 2605 aromatibus,
1193 2531 1295 2594 sicut
1311 2558 1338 2598 so

171 2656 247 2701 mos
279 2637 430 2703 Iudaeis
463 2643 520 2704 est
551 2640 721 2722 sepellre.
755 2639 863 2702 “erat
894 2640 1016 2702 antem
1043 2637 1077 2700 iu
1106 2637 1199 2710 loeo,
1232 2635 1294 2699 ubi

172 2744 376 2808 crucifixus
419 2748 488 2820 est,
535 2746 679 2821 hortus,
721 2749 757 2808 et
795 2744 830 2807 in
872 2744 979 2807 horto
1019 2745 1295 2806 monumentum

171 2868 316 2925 nouum,
348 2851 384 2914 in
411 2870 481 2932 quo
509 2850 666 2914 nondum
694 2851 888 2932 quisquam
916 2848 1064 2930 positus
1093 2851 1181 2912 erat.
1214 2846 1297 2913 ⁴²iti

172 2975 258 3039 ergo
286 2959 437 3039 propter
463 2974 688 3038 parasceuen
716 2954 945 3027 ludaeorum,
977 2955 1062 3036 quia
1089 2954 1192 3017 iuxta
1219 2957 1298 3017 erat

171 3067 457 3136 monumentum,
471 3065 677 3143 posuerunt
692 3060 821 3125 Iesum.
835 3078 935 3141 neque
950 3059 1001 3124 hie
1016 3058 1133 3140 aliquid
1143 3060 1299 3140 repugnat
1317 3083 1342 3126 aa

173 3169 255 3230 reete
278 3165 542 3249 intellegentibus.
565 3184 663 3246 neque
687 3166 769 3228 enim
792 3165 850 3242 illi,
874 3165 929 3246 qui
947 3165 986 3229 de
1004 3163 1176 3228 Nicodemo
1195 3165 1300 3227 taoue·

172 3280 254 3350 runt,
274 3271 517 3335 adfirmauerunt
531 3290 548 3334 a
562 3272 628 3335 solo
647 3270 759 3353 loseph
780 3271 940 3334 dominum
960 3270 1130 3352 sepultum,
1154 3268 1300 3350 quamuis

261 3529 391 3583 anani.
410 3529 453 3596 27,
472 3529 505 3582 59
525 3533 552 3582 et
570 3527 604 3583 60
710 3528 824 3581 Idiare.
845 3529 886 3595 15,
904 3528 938 3582 46
1055 3525 1087 3579 10
1106 3525 1185 3579 *Lau
1204 3525 1247 3592 28,
1265 3525 1299 3578 53

176 3618 208 3671 16
241 3616 299 3670 Iob.
319 3618 360 3675 19.
379 3617 484 3670 39-42

211 3762 223 3813 l
249 3759 366 3812 solueret
386 3758 447 3812 0¹1³
550 3760 567 3812 2
590 3758 756 3827 iuimicitias]
780 3757 892 3812 insidias
916 3757 947 3809 in
968 3772 1053 3824 musy.
1072 3756 1082 3808 l
1099 3754 1167 3821 (eod.
1189 3751 1302 3816 Gembl.)

174 3850 192 3901 4
205 3846 272 3901 illud
287 3848 336 3904 alt.
350 3849 425 3903 om.l
462 3848 476 3900 7
489 3851 633 3902 mereatum
643 3848 689 3913 3¹,
702 3850 834 3901 mercatus
849 3853 892 3899 est
908 3844 933 3897 V
966 3844 982 3897 8
995 3842 1141 3912 deponens]
1157 3856 1259 3910 ponens
1269 3839 1305 3892 II

176 3936 266 4004 poauit
284 3940 346 4000 (om.
366 3939 437 4003 eum)
457 3935 507 3989 ΟΡ
609 3937 842 3990 9monumeutum
865 3931 943 3986 OPV
1047 3929 1090 3998 de]
1110 3929 1137 3982 iu
1157 3947 1173 3997 χ
1191 3944 1216 3988 r.
1235 3943 1302 3995 exp

178 4024 207 4077 11
226 4025 254 4077 in
273 4030 338 4078 ante
355 4024 467 4078 sindone
486 4042 536 4080 em.
551 4025 637 4079 PVu
673 4022 892 4092 llapr.]adB
931 4017 1116 4074 idueniE¹L
1153 4017 1303 4070 lamense

179 4111 228 4165 GP
247 4111 369 4184 0N¹MQ
386 4114 424 4176 H,
442 4130 544 4182 myrrae
563 4113 616 4167 BR
642 4114 695 4166 VF
713 4111 755 4166 Ν2
777 4110 857 4166 Alea
875 4128 899 4179 γ,
918 4111 1014 4163 mitrae
1035 4107 1065 4160 D
1077 4121 1157 4174 pqr,
1180 4103 1302 4173 myrrhae

178 4200 272 4254 uelm
326 4203 358 4255 19
378 4218 440 4270 ergo
459 4218 509 4254 om.
528 4200 626 4270 E¹Lp
679 4200 861 4254 20iesumB
914 4200 948 4252 25
966 4198 1024 4250 iesu
1046 4194 1094 4248 GP
