3008 4800
174 342 239 404 404
527 334 553 388 S.
581 333 716 387 Aureli
744 332 958 401 Augustini

176 531 363 597 ordinare
400 527 682 605 narrationem,
720 544 819 608 quse
856 526 893 590 in
935 527 1050 593 nobis
1088 525 1307 610 conpletas

174 639 280 714 sunt,
304 654 445 713 rerum,
470 632 595 697 'sicut
613 631 872 697 tradiderunt
889 633 1004 699 nobis
1023 633 1090 716 qui
1113 634 1158 697 ab
1181 631 1305 697 initio

174 741 253 823 ipsi
272 740 465 805 uiderunt
487 742 526 804 et
544 738 723 801 ministri
742 738 906 802 fuerunt
925 739 1130 815 sermonis,
1156 738 1305 804 ⁸uisnm

174 851 236 911 est
272 844 436 910 etmihi
473 843 665 908 adsecuto
699 861 717 905 s
748 843 951 926 principio
988 844 1174 909 omnibns
1213 843 1305 908 dili·

175 956 318 1036 genter
336 970 377 1014 ex
398 949 535 1014 ordine
553 948 629 1012 tibi
651 949 838 1024 scribere,
859 948 1010 1030 optime
1029 948 1225 1029 Theofile,
1245 950 1304 1015 ⁴ut
1336 965 1349 1003 ⁶

176 1076 398 1142 cognoscas
432 1074 564 1120 eorum
597 1054 819 1130 uerborum,
856 1054 901 1119 de
934 1054 1081 1136 quibus
1113 1055 1304 1121 eruditus

175 1181 227 1241 es,
259 1163 486 1226 ueritatem.
519 1161 578 1224 hoo
611 1161 799 1242 principium
831 1160 870 1225 ed
906 1159 1062 1245 euangelii
1098 1161 1306 1229 narrationem

175 1266 314 1332 nondum
328 1267 470 1349 pertinet.
490 1265 637 1330 admonet
650 1269 765 1343 nutem,
785 1270 821 1329 ut
839 1266 1019 1331 nouerimus
1038 1267 1170 1332 eundem
1187 1269 1306 1333 Lucem

176 1373 270 1437 etiam
288 1372 380 1436 illum
399 1371 514 1436 librum
539 1372 716 1454 scripsisse,
740 1372 905 1453 quinctus
928 1371 1140 1455 apostolorum
1163 1377 1305 1448 uocetur,

176 1496 235 1541 non
265 1479 379 1554 solum,
407 1478 480 1558 quia
508 1476 642 1541 'theofili
670 1495 781 1540 nomeu
816 1476 910 1541 etiem
938 1477 1004 1543 illic
1037 1477 1121 1542 inest
1154 1515 1197 1526 —
1233 1499 1305 1543 nem
1325 1495 1350 1535 ιο

176 1585 285 1667 posset
310 1583 387 1659 fieri,
415 1587 451 1647 ut
479 1586 511 1647 et
539 1584 620 1647 alius
655 1582 770 1664 aliquis
802 1582 961 1647 'theofilus
985 1589 1071 1648 esset
1093 1587 1133 1660 et,
1162 1583 1190 1648 si
1221 1584 1307 1648 idem

176 1689 244 1770 ipse
272 1693 365 1761 esset,
395 1688 433 1753 ab
462 1689 523 1754 alio
546 1688 698 1753 edilium
721 1687 841 1769 aliquid
864 1687 1052 1754 scriberetur
1075 1690 1159 1754 sicut
1181 1707 1200 1753 n
1221 1689 1307 1753 Luca

178 1794 375 1877 euangelium
408 1829 460 1868 -,
489 1794 545 1859 sed
572 1795 646 1875 quia
673 1797 704 1857 et
730 1793 774 1857 ibi
802 1793 846 1856 ite
873 1811 999 1858 exorsus
1026 1797 1084 1868 est,
1112 1797 1148 1857 ut
1175 1794 1305 1859 diceret:

181 1900 361 1982 ¹primum
377 1899 535 1981 quidem
552 1918 769 1965 sermonem
785 1898 829 1962 de
849 1898 1032 1964 omnibus
1051 1899 1140 1977 feei,
1155 1918 1172 1963 o
1187 1898 1307 1966 Theo

179 2005 264 2081 iile,
288 2025 388 2089 quse
412 2007 550 2087 eoepit
573 2006 690 2070 Iesus
714 2005 846 2069 facere
875 2008 913 2068 et
936 2003 1077 2069 docere
1100 2003 1244 2087 'usque
1267 2008 1305 2070 in
1326 2022 1350 2062 ιι

178 2111 291 2190 diem,
320 2130 393 2193 quo
419 2112 631 2194 apostolos
655 2110 791 2193 elegit,
821 2129 889 2192 per
913 2110 1101 2191 spiritum
1124 2115 1305 2176 sunctum

179 2214 1305 2300 mendansiussitprsedicereeuangelium,deditiutellegi,

178 2320 346 2403 quodiam
369 2321 529 2404 scripserit
552 2320 707 2404 euangelii
729 2320 845 2384 librum
868 2338 966 2384 unum
990 2340 1025 2385 er
1049 2324 1206 2403 quattuor,
1231 2340 1305 2403 quo·

178 2445 247 2490 rum
271 2431 320 2491 est
347 2429 378 2490 iu
403 2428 538 2492 ecclesie
566 2426 711 2491 sublimis
740 2425 919 2491 auctoritas.
947 2445 1003 2491 nec
1025 2426 1106 2502 ideo,
1135 2428 1207 2509 quia
1229 2427 1308 2492 dixit

179 2533 216 2597 de
244 2533 387 2598 omnibus
417 2553 451 2598 se
475 2534 589 2598 fecisse
613 2551 786 2598 sermonem
810 2550 890 2615 quse
913 2531 1017 2614 coepit
1039 2532 1128 2597 Iesus
1150 2533 1252 2597 facere
1275 2536 1308 2598 et
1323 2553 1349 2592 so

179 2638 290 2703 docere
318 2658 417 2721 usque
445 2640 476 2704 in
507 2639 600 2715 diem,
625 2657 685 2722 quo
710 2638 871 2703 mandauit
893 2637 1056 2719 apostolis,
1084 2638 1185 2720 putari
1214 2638 1309 2703 debet

180 2745 283 2808 omnin
314 2745 478 2827 scripsisse
510 2746 540 2809 in
570 2744 733 2831 euangelio
761 2763 819 2809 suo
843 2763 922 2827 quae
944 2745 1035 2809 Iesus
1059 2762 1130 2807 oum
1155 2743 1308 2826 spostolis

179 2850 210 2913 in
239 2853 320 2914 terra
351 2856 495 2915 uersatus
526 2851 602 2916 fecit
634 2855 666 2915 et
694 2849 780 2926 dixit,
813 2870 851 2914 ne
881 2850 923 2914 sit
950 2849 1140 2915 coronarium
1166 2849 1307 2927 Iohanni,

181 2956 235 3036 qui
259 2957 304 3020 ait
329 2958 430 3021 mults
457 2957 517 3021 alia
540 2956 654 3021 iecisse
678 2957 793 3032 lesum,
818 2975 896 3038 quse
921 2956 946 3020 si
971 2955 1189 3034 scriberentur,
1220 2975 1308 3020 muu-

181 3060 256 3125 dum
274 3067 375 3127 totum
395 3080 454 3126 non
473 3063 616 3145 potuisse
636 3081 745 3145 cepere
765 3063 836 3126 illos
855 3062 963 3140 libros,
979 3080 1054 3126 cum
1074 3063 1165 3126 etiam
1186 3065 1310 3127 constet
1326 3080 1349 3121 n

181 3169 220 3230 ab
257 3168 327 3231 aliis
368 3168 572 3252 euangelistis
605 3188 665 3232 uon
697 3187 797 3249 peuce
828 3169 959 3245 uannts,
996 3185 1075 3249 quse
1107 3166 1207 3231 Lucas
1240 3165 1308 3248 ipse

271 3374 304 3427 14
322 3374 396 3427 ‘Act
418 3375 440 3436 l,
461 3376 473 3426 1
494 3378 523 3428 et
540 3374 556 3427 2
610 3376 645 3429 24
664 3374 696 3429 cf.
716 3374 773 3427 Ioh.
792 3376 835 3440 21,
855 3376 887 3427 21

216 3497 233 3549 4
252 3495 374 3549 omnibus
393 3496 469 3552 codd
489 3498 590 3564 (ceron¹
610 3503 682 3551 cont.
696 3496 765 3550 tric.
781 3497 827 3559 cl,
840 3502 894 3564 opt.
914 3495 1010 3565 Volo),
1026 3495 1115 3549 omnis
1128 3492 1212 3548 M‘D
1230 3512 1310 3564 ppo,

183 3581 215 3634 de
234 3582 420 3648 omnibusffi,
439 3583 667 3638 dehominibnsr
702 3586 839 3638 tactuum
854 3582 911 3638 RD
948 3584 980 3636 10
995 3581 1176 3637 theofiloRD
1213 3585 1243 3637 ll
1261 3584 1309 3637 uli·

183 3671 361 3740 quisom.B¹
382 3671 558 3726 theofiiinsB
596 3671 773 3726 12ειονη.Βι
826 3673 901 3725 lucae
918 3671 980 3726 0¹1²
1015 3673 1048 3726 14
1065 3673 1116 3725 ieci
1136 3670 1168 3725 de
1189 3672 1312 3725 omnibus

183 3759 337 3831 ΗΔΕώγ
358 3760 478 3814 ocimo
516 3762 547 3814 15
563 3765 590 3814 et
609 3760 702 3814 dooere
721 3758 1039 3830 BRDN‘Dredd„
1058 3777 1108 3815 om.
1127 3764 1173 3814 cot.
1227 3775 1312 3829 usqne

183 3864 270 3917 oonp
342 3849 382 3916 in]
399 3847 433 3902 ed
451 3866 501 3918 χν
572 3850 605 3903 16
625 3849 771 3919 apostolos]
791 3848 928 3917 apostolos
947 3864 1012 3917 quos
1033 3846 1098 3901 0²1¹
1114 3847 1164 3910 N²,
1183 3839 1314 3917 apostolis

183 3951 251 4004 quos
269 3936 307 3989 D
325 3955 340 4006 γ
359 3953 384 3989 m
428 3937 460 3989 17
480 3934 621 4006 mandens]
642 3936 706 3990 odd.
726 3938 798 3991 issue
816 3935 886 3989 ΗΑ2
955 3936 1036 3990 iussit
1053 3953 1091 4006 pr.
1112 3937 1164 4006 en]
1184 3939 1221 4005 cf.
1239 3942 1313 3991 coest.

184 4024 264 4093 (Areo.
283 4040 305 4078 e.
324 4041 363 4092 ep.
376 4025 461 4093 fund.
484 4028 508 4092 9,
526 4042 554 4078 or.
574 4029 621 4090 10;
640 4042 660 4080 e.
680 4025 763 4079 Folio.
783 4029 804 4092 1,
826 4027 857 4089 4,·
877 4031 948 4079 auct.
967 4025 984 4080 1.
1005 4025 1038 4079 de
1059 4025 1243 4087 uss.ecct.11,
1263 4027 1314 4095 37)

184 4111 364 4181 euangelium]
384 4113 481 4180 incipit
499 4112 538 4166 Ne
558 4113 657 4181 (suppl.
676 4129 745 4167 enee.
765 4113 841 4179 XII)
962 4114 996 4167 22
1015 4112 1154 4182 apostolis]
1174 4112 1240 4166 add.
1259 4113 1315 4166 suis

185 4200 223 4253 ΝΙ
258 4202 292 4253 24
307 4202 401 4270 iesum]
419 4200 482 4254 add.
498 4203 524 4254 in
537 4205 681 4270 conspectu
692 4218 781 4255 eorum
792 4201 831 4255 111Ι
867 4203 901 4256 25
916 4202 1004 4271 espire
1016 4200 1049 4255 0¹
1090 4201 1314 4268 nonliir1illisB
