3008 4800
160 302 225 365 370
512 301 538 353 S.
567 300 701 354 Aureli
728 300 942 370 Augustini

96 489 134 552 71
205 492 288 557 Ordo
312 511 385 577 ergo
409 510 511 556 rerum
536 492 591 573 qui
617 510 686 556 esse
713 491 826 576 potuit,
854 489 1117 573 quemadmodum
1146 491 1292 558 dominus

161 601 289 681 excepto
326 597 410 680 quod
446 599 508 662 iam
545 597 730 662 mulieribus
766 598 892 662 locutus
924 599 991 661 erat
1021 598 1115 662 etiam
1153 599 1293 664 maribus

161 704 327 789 discipulis
368 705 458 770 uisus
500 703 605 783 tuerit,
651 704 823 769 secundum
864 703 1046 769 testimonia
1086 723 1147 769 uon
1189 705 1292 769 solum

163 813 312 892 quattuor
330 810 606 895 euangelistamm,
626 809 682 875 sed
701 811 795 875 etiam
814 809 905 874 Pauli
928 809 1063 892 apostoli
1082 811 1293 876 contexendus

162 920 194 982 et
211 917 473 983 demonstrandus
497 921 554 982 est
578 917 718 982 omnium
737 934 810 1002 ergo
828 917 966 982 uirorum
987 917 1086 1000 primo
1111 918 1294 1002 apparuisse
1324 937 1336 977 ι

161 1022 356 1106 intellegitur
373 1023 478 1100 Petro,
499 1042 534 1087 ex
557 1023 606 1087 his
629 1023 792 1088 dumtaxat
809 1022 955 1087 omnibus
978 1041 1057 1105 quos
1081 1024 1295 1108 euangelistae

161 1131 311 1210 quattuor
342 1131 374 1192 et
400 1128 519 1193 Paulus
548 1129 712 1211 apostolus
739 1134 1070 1194 commemorauerunt.
1103 1133 1243 1194 ceterum
1267 1129 1295 1194 si

162 1235 308 1319 apparuit
320 1235 416 1325 alicui
430 1253 538 1300 eorum
551 1234 639 1317 prius
655 1253 748 1316 quam
768 1235 870 1312 Petro,
889 1233 971 1316 quod
992 1253 1099 1299 omnes
1117 1237 1295 1312 tacuerunt,

162 1341 234 1423 quis
266 1342 318 1404 uel
347 1340 448 1405 dicere
480 1340 596 1405 audeat
625 1340 679 1404 uel
710 1344 843 1424 negare?
875 1359 973 1422 neque
1006 1340 1087 1404 euim
1117 1343 1149 1404 et
1176 1340 1295 1406 Paulus

162 1445 253 1510 dixit:
283 1445 438 1529 ‘apparuit
465 1447 565 1529 primo
590 1445 735 1530 Cephae,‘
762 1446 832 1512 sed:
855 1447 1053 1529 apparuit,
1086 1446 1199 1528 iuquit,
1233 1443 1294 1511 Oe·
1313 1467 1338 1508 ιο

161 1551 275 1633 phac,
321 1554 466 1633 postea
511 1551 732 1629 duodecim,
778 1552 921 1616 deiude
962 1552 1152 1635 apparuit
1203 1552 1295 1635 plus

162 1676 276 1739 quam
314 1659 552 1743 quingentis
592 1658 794 1723 fratribus
835 1659 965 1722 simul.
1013 1658 1059 1721 sic
1091 1661 1198 1722 autem
1235 1677 1296 1722 non

163 1767 291 1847 apparet
322 1764 437 1848 quibus
469 1763 645 1842 duodecim,
678 1765 940 1847 quemadmodum
974 1782 1030 1829 nec
1062 1763 1177 1845 quibus
1210 1763 1295 1845 quin·

163 1869 275 1952 gentis.
311 1869 377 1934 fieri
410 1871 493 1934 enim
524 1873 639 1953 potest,
672 1876 709 1936 ut
736 1870 893 1935 deturba
925 1869 1149 1953 discipulorum
1181 1868 1297 1934 fuerint

162 1975 217 2040 isti
243 1974 408 2041 duodecim
432 1977 537 2042 nescio
561 1978 625 2060 qui.
649 1977 814 2042 camillos
838 1995 916 2058 quos
940 1975 1099 2057 apostolos
1123 1973 1298 2040 nominauit
1315 1995 1338 2036 u

163 2099 223 2144 non
247 2080 310 2145 iam
335 2081 512 2161 duodecim,
536 2082 591 2147 sed
615 2082 759 2147 undecim
782 2082 909 2156 diceret,
933 2082 1017 2146 sicut
1039 2080 1181 2145 nonnulli
1200 2081 1296 2145 etiam

165 2187 289 2251 codices
321 2187 446 2264 habeut,
484 2188 567 2270 quod
600 2188 690 2253 credo
722 2188 917 2271 perturbatos
948 2187 1090 2252 homines
1112 2186 1297 2252 emendasse

166 2295 315 2375 putantes
347 2293 385 2357 de
415 2293 481 2358 illis
510 2293 675 2358 duodecim
707 2294 859 2377 apostolis
888 2293 1017 2369 dictum,
1049 2293 1103 2374 qui
1129 2293 1192 2357 iam
1219 2291 1298 2356 Iuda

166 2397 301 2462 extincto
334 2397 480 2463 undecim
513 2402 607 2463 crant.
638 2397 693 2462 sed
722 2399 789 2463 siue
812 2398 859 2462 illi
882 2399 1006 2463 codices
1033 2398 1141 2463 uerius
1162 2398 1298 2462 habeant

166 2503 219 2585 qui
248 2503 392 2568 undecim
420 2504 545 2581 habent,
574 2505 641 2570 siue
669 2504 746 2569 alios
770 2503 921 2586 quosdam
945 2503 1110 2568 duodecim
1133 2504 1297 2586 apostolus
1314 2523 1339 2563 sc

166 2608 284 2674 Paulus
309 2609 389 2674 uelit
415 2609 567 2694 intellegi,
596 2611 664 2675 siue
696 2615 851 2675 sacratum
882 2610 973 2675 illum
1005 2628 1169 2674 numerum
1201 2610 1297 2674 etiam

165 2714 197 2779 in
225 2714 370 2780 undecim
398 2719 481 2781 stare
508 2716 655 2792 uoluerit,
683 2718 756 2800 quia
783 2716 992 2781 duodenarius
1021 2716 1050 2779 in
1078 2717 1123 2779 eis
1147 2734 1297 2779 numerus

256 2972 289 3025 m
309 2972 337 3024 ιι
356 2972 415 3026 eor.
436 2974 476 3038 ιι,
496 2974 512 3024 e
532 2974 594 3025 ets

201 3113 393 3168 ‘innulieribus
412 3115 430 3167 l.
446 3132 468 3167 e.
487 3114 568 3166 etiam
589 3131 639 3168 om.
658 3113 696 3166 Βι
751 3115 855 3168 locutus
874 3131 897 3170 e.
918 3130 939 3168 e.
959 3112 1076 3167 maribus
1094 3129 1146 3167 oss.
1160 3112 1187 3167 R
1242 3129 1299 3165 ma-

166 3201 251 3271 ribus]
275 3220 292 3256 a
314 3202 402 3256 tribus
424 3201 582 3271 namq
670 3205 687 3254 l
710 3203 783 3272 pauli
806 3219 856 3257 cos.
874 3201 913 3256 Βι
1002 3203 1018 3256 8
1042 3202 1195 3272 apperuerit
1211 3201 1299 3255 rael

167 3292 200 3344 1o
219 3291 321 3360 chephe
340 3298 454 3359 utroque
472 3292 531 3345 loco
544 3290 581 3343 B¹
619 3292 648 3344 ll
666 3293 761 3360 postea
779 3290 930 3361 duodecim]
949 3288 1201 3360 postessecuudum
1214 3290 1297 3343 istum

167 3379 300 3432 hominem
324 3379 369 3432 dei
392 3379 439 3432 ills
462 3383 525 3432 eunt
550 3380 711 3449 exemplaris
733 3378 808 3448 pauli
829 3378 945 3448 apostoli
968 3379 1092 3432 uerinors
1110 3393 1178 3446 quac
1196 3377 1299 3431 habeut

166 3471 262 3537 postca
281 3466 421 3521 duodecim
441 3485 493 3520 non
513 3466 632 3537 qusbant
650 3466 773 3520 undecim
792 3465 931 3520 duodecim
945 3466 980 3530 Β,
999 3470 1094 3537 poetes
1111 3464 1164 3521 llll
1177 3465 1298 3527 Heus,

167 3558 263 3623 postea
280 3554 318 3608 xl
336 3553 395 3623 Mo
437 3556 469 3608 12
489 3554 657 3624 quingentis]
686 3554 720 3608 D.
735 3554 796 3625 Mo
848 3555 897 3624 sic]
916 3555 985 3609 sicut
997 3553 1087 3609 RDr
1128 3554 1160 3607 13
1174 3552 1299 3607 undecim

166 3642 207 3706 M,
227 3641 323 3712 xllp
375 3641 480 3713 DMQ
517 3642 549 3697 15
568 3642 683 3696 duodem
701 3642 1107 3712 13¹,x11011AEL‚X1n1
1159 3641 1300 3711 spostolus

170 3730 394 3785 (apuliam
431 3734 463 3785 16
477 3730 665 3800 ullumne
707 3730 1098 3803 undecimlxldi¹Q‚llIId1²
1135 3732 1167 3785 17
1182 3746 1300 3801 quoscc

167 3818 246 3872 credo
265 3835 316 3873 cm.
338 3819 387 3873 ΟΡ
467 3821 499 3873 18
518 3819 570 3873 ΧΠ
588 3819 648 3890 ΜΟ
720 3822 752 3874 19
773 3821 874 3889 uerius]
893 3821 981 3874 minus
999 3818 1152 3882 HfflLB,
1171 3835 1300 3886 uerump

167 3906 202 3960 20
219 3906 362 3975 quosdam]
382 3923 449 3976 quos
467 3907 592 3962 Hem
680 3907 732 3961 x11
750 3909 787 3962 Μ
882 3908 1019 3979 apostolos
1036 3905 1135 3977 Dm,
1153 3907 1300 3978 discipulos

166 3995 287 4048 rcelm
336 3995 366 4048 21
389 3995 457 4049 uelis
476 3995 515 4048 B¹
569 3997 711 4065 sacratum]
732 4001 928 4050 sacramentum
946 3996 985 4049 N¹
1004 3994 1169 4064 manusc
1223 3995 1300 4049 illum

167 4097 253 4152 cocy
358 4083 433 4136 illum
460 4083 563 4136 numeri
588 4081 740 4139 HAWLS.
763 4084 831 4137 illud
853 4086 956 4138 numeri
979 4082 1027 4146 2²,
1049 4083 1122 4137 illius
1144 4083 1249 4137 numeri
1268 4099 1301 4152 cp

168 4170 202 4222 22
220 4170 247 4223 in
262 4186 308 4238 pr.
327 4187 377 4225 om.
401 4171 484 4240 OPp
