3008 4800
154 307 219 372 376
502 304 529 362 S.
555 305 688 360 Aureli
716 306 929 376 Augustini

154 496 222 563 ⁴⁹et
249 516 319 583 ego
347 499 464 563 mitto
491 497 728 583 promissum
758 499 888 582 patris
914 499 989 564 mei
1022 499 1059 564 in
1093 518 1178 573 uos3
1206 515 1278 560 uos

154 608 285 669 autem
310 604 457 681 sedete,
477 603 604 686 quoad
627 622 754 687 usque
776 604 1002 669 induamini
1020 604 1215 671 uirtutem
1236 621 1279 667 ex

154 711 247 777 alto.
286 727 357 775 ecee
385 709 542 792 quomodo
566 710 823 776 commemorauit
854 713 886 774 et
908 711 1009 775 Lucas
1040 709 1277 793 promissionem

154 815 284 900 spiritus
311 815 420 891 sancti,
447 834 540 897 quam
573 834 632 880 nou
663 815 840 880 iuuenimus
869 835 887 880 a
918 815 1042 881 dominu
1073 813 1187 879 iactam
1219 811 1280 877 nisi

154 923 185 986 in
216 921 379 1005 euangelio
406 921 564 986 Iohannis.
600 920 683 1002 quod
710 941 769 986 nou
797 924 1028 1002 praetereunter
1054 918 1279 985 aduesceudum
1310 940 1321 978 s

154 1032 212 1102 est,
248 1029 283 1091 nt
319 1025 563 1096 meminerimus.
600 1026 860 1108 quemadmodum
898 1027 959 1092 sibi
991 1026 1203 1110 euangelistae
1235 1025 1278 1087 in·

153 1133 256 1198 uicem
285 1133 482 1197 adtestantur
508 1133 546 1197 de
573 1132 759 1216 quibusdam
783 1134 877 1197 etiam
901 1152 982 1215 quae
1003 1132 1064 1216 ipsi
1089 1151 1147 1196 non
1172 1130 1280 1194 dicunt

154 1240 315 1304 ettamen
345 1238 429 1303 dicta
456 1243 619 1304 nonerunt.
651 1238 825 1320 posthaec
853 1238 954 1303 Lucas
983 1256 1062 1319 quae
1090 1240 1180 1320 gesta
1206 1238 1282 1299 suut

155 1343 259 1408 omnia
293 1343 514 1426 praetermittit
550 1362 606 1408 nec
639 1343 762 1407 omnino
795 1346 1028 1419 commemorat,
1065 1341 1126 1406 uisi
1156 1338 1279 1423 quando

154 1449 244 1514 lesus
281 1448 423 1513 ascendit
458 1449 488 1513 in
526 1450 657 1524 caelum,
694 1449 794 1531 adque
832 1449 864 1512 id
895 1452 998 1513 tamen
1031 1448 1076 1511 ita
1108 1445 1324 1530 coniungite

155 1554 246 1636 quasi
272 1555 331 1618 hoc
359 1558 507 1637 sequatur
529 1554 606 1619 haec
628 1555 733 1631 uerba,
762 1573 839 1637 quae
863 1553 950 1630 dixit,
978 1572 1047 1617 cunr
1073 1553 1132 1618 hoc
1155 1556 1280 1635 gestum

155 1659 197 1724 sit
220 1678 280 1724 una
303 1660 516 1735 sabbatorum,
540 1679 601 1741 quo
626 1659 675 1723 die
698 1659 842 1725 dominus
870 1659 1047 1740 resurrexit,
1070 1657 1149 1722 illud
1175 1660 1280 1723 autem

155 1764 412 1851 quadragensimo
449 1765 509 1843 die,
546 1765 630 1830 sicut
660 1764 742 1830 idem
774 1765 840 1848 ipse
873 1765 973 1830 Lucas
1004 1765 1035 1828 in
1068 1764 1281 1845 apostolorum

156 1871 278 1936 actibus
299 1872 410 1935 namet.
435 1870 516 1953 quod
541 1874 644 1935 autem
664 1871 741 1934 dicit
758 1870 911 1935 Iohannes
929 1889 989 1935 nou
1009 1888 1079 1933 curn
1100 1868 1164 1933 illie
1182 1869 1281 1933 fuisse

155 1979 231 2041 tunc
266 1975 443 2058 apostolum
476 1976 636 2051 Thomom
673 1995 743 2040 cum
777 1974 948 2039 secundum
981 1974 1096 2038 Lucam
1130 1974 1191 2039 duo
1222 1973 1280 2050 illi,
1301 1996 1326 2036 rs

157 2100 288 2164 quorum
322 2086 387 2146 erat
419 2101 500 2146 unus
537 2080 679 2164 cleopas,
710 2080 843 2165 regressi
876 2079 1073 2144 Hierusalem
1105 2079 1282 2143 inuenerint

157 2192 363 2274 congregatos
382 2188 526 2253 undecim
546 2191 578 2251 et
601 2207 653 2252 eos
673 2187 725 2270 qui
745 2206 815 2251 cum
835 2186 913 2269 ipsis
936 2188 1032 2262 eraut,
1057 2185 1165 2268 procul
1188 2185 1281 2249 dubio

160 2293 403 2379 intellegendum
436 2297 494 2371 est,
519 2294 602 2376 quod
628 2293 700 2358 inde
727 2292 861 2356 Thomas
894 2292 1012 2367 exierit,
1043 2294 1210 2374 antequam
1238 2290 1284 2354 eis

161 2400 304 2465 dominus
326 2400 403 2463 haec
425 2399 625 2482 loquentibus
649 2400 817 2482 appareret.

96 2512 137 2576 75
204 2508 285 2573 Hinc
304 2507 364 2570 iam
385 2505 536 2571 lohannes
555 2505 647 2570 aliam
672 2507 894 2571 commemorat
916 2505 964 2569 sui
989 2502 1283 2568 demonstrationem
1303 2522 1329 2562 so

161 2613 317 2678 adomino
337 2611 500 2693 discipulis
518 2612 632 2676 iactam
656 2614 728 2692 post
746 2610 811 2676 dies
830 2615 911 2688 octo,
931 2611 985 2675 ubi
1005 2612 1071 2674 erat
1087 2614 1120 2673 et
1138 2609 1284 2683 Thomas,

162 2719 215 2801 qui
245 2718 330 2802 prius
363 2738 433 2782 eum
466 2737 526 2782 uon
555 2717 683 2783 uiderat.
716 2716 781 2780 2⁸et
810 2719 903 2798 post
930 2715 1016 2779 dies
1043 2717 1145 2790 octo,
1172 2713 1283 2795 inquit,

162 2825 305 2889 iterum
334 2827 445 2889 orant
472 2824 669 2906 discipuli
699 2823 785 2886 eius
813 2822 924 2885 intus
954 2823 985 2885 et
1007 2820 1175 2884 Thomas
1199 2836 1283 2883 oum

163 2929 236 3004 ois;
265 2929 379 2994 uenit
404 2930 519 2994 lesus
547 2928 681 2992 innuis
710 2927 865 2991 clausis
889 2931 927 2990 et
951 2924 1073 2990 stetit
1095 2924 1132 2988 in
1157 2922 1285 2988 medio

165 3039 203 3100 et
230 3035 345 3099 dixit:
381 3054 452 3116 pan
480 3033 608 3099 uobis.
645 3031 815 3098 ²¹deinde
843 3031 946 3097 dicit
972 3030 1156 3095 Thomas:
1183 3028 1330 3093 interes

165 3140 338 3223 digitum
366 3143 475 3204 tuum
504 3140 577 3204 huc
606 3143 644 3202 et
671 3138 763 3202 uide
796 3157 930 3201 manus
967 3156 1071 3200 ineas
1105 3138 1144 3200 et
1175 3134 1287 3199 adfer

251 3401 321 3454 dci.
340 3397 396 3454 ioh.
418 3400 457 3460 14,
477 3398 524 3461 nm
545 3399 586 3460 15,
604 3397 639 3450 26
694 3397 727 3451 10
745 3396 777 3450 cf.
797 3396 861 3449 Luc.
880 3396 922 3461 24,
942 3396 1022 3451 odet
1040 3395 1072 3447 51
1125 3394 1157 3447 13
1176 3392 1286 3448 oinct.

166 3488 190 3541 1.
209 3488 278 3540 2-0
334 3488 366 3540 14
385 3485 416 3539 cl.
436 3484 619 3553 1011.20,24;
639 3484 673 3538 ci.
692 3484 756 3538 Luc.
774 3484 817 3549 24,
836 3482 871 3536 38
924 3483 958 3537 22
978 3482 1049 3535 *Ioh.
1068 3481 1112 3549 20,
1129 3480 1234 3534 noane

203 3645 214 3697 l
234 3644 326 3713 mitto]
346 3644 451 3696 mittam
470 3661 510 3713 χω
528 3641 614 3696 rael
689 3658 737 3695 uos
754 3656 803 3696 acc.
823 3638 932 3696 00013ι
1019 3641 1036 3693 2
1054 3638 1156 3708 sedete]
1176 3637 1240 3692 odd.
1259 3638 1288 3691 in

166 3732 276 3786 ciuitate
295 3734 372 3799 (tem
393 3728 446 3794 11²)
465 3728 532 3799 N²Q
549 3727 631 3784 H'E’
647 3749 705 3800 qyo»
723 3727 781 3784 edd.
871 3743 1025 3797 quousque
1049 3726 1105 3795 Vq
1187 3726 1288 3778 uirtute

166 3819 224 3874 FN
235 3818 378 3889 pqrolo
439 3817 564 3888 dquam]
584 3816 656 3885 quod
674 3816 740 3872 BlR
801 3816 964 3871 5iohannes
985 3815 1036 3871 ΟΡ
1088 3813 1290 3868 iadtestentur

165 3911 225 3976 (att.
248 3906 281 3975 0)
298 3905 353 3960 BR
374 3905 454 3961 010Ἶ
466 3925 480 3976 γ
495 3923 527 3974 p,
545 3905 716 3959 adtestantur
732 3909 791 3972 (att.
808 3904 895 3969 CPN)
913 3911 959 3959 oet.
998 3904 1031 3957 10
1049 3903 1220 3971 coniungitur
1233 3901 1290 3954 Dr

168 3997 198 4049 ll
219 3998 365 4064 sequantur
382 3992 505 4053 Hem
523 4009 565 4047 ue
645 3994 677 4046 12
696 3993 841 4047 surrexitr
923 3994 954 4046 10
974 4008 1040 4050 unus
1060 3994 1117 4045 erat
1131 4007 1178 4060 pq
1248 3991 1288 4042 in·

167 4087 298 4137 uenerunt
315 4079 386 4151 E'q
442 4082 474 4135 18
493 4085 615 4135 antecum
635 4081 671 4134 B¹
723 4081 757 4135 20
771 4081 823 4134 alin
842 4081 869 4134 B
913 4079 1047 4134 etinfert
1068 4079 1101 4149 θ’
1151 4079 1185 4132 26
1205 4078 1288 4131 ditum

166 4168 231 4223 m
302 4170 377 4223 auser
394 4169 440 4230 13¹,
459 4169 548 4223 adfert
568 4168 610 4239 0¹,
630 4169 707 4224 atsere
727 4168 848 4222 lima
