3008 4800
189 363 252 426 368
530 360 556 413 S.
585 361 717 414 Aureli
747 361 958 429 Augustini

189 553 371 616 fixerunt
400 571 493 616 eum.
525 553 621 617 ²¹nos
656 555 784 615 autem
814 553 1084 634 sperabamus,
1113 554 1206 634 quia
1230 554 1316 638 ipse

190 662 253 722 est
275 657 530 722 redemturus
555 656 722 732 Israhel,
746 661 785 722 et
807 677 908 722 nunc
932 677 1051 740 super
1071 660 1315 726 haecomnia

189 764 314 828 tertia
346 763 431 827 dieo
464 762 581 827 hodie
614 762 717 846 quod
750 763 845 827 haec
873 764 982 828 tacta
1010 768 1112 829 sunt.
1151 764 1249 830 2'seri
1278 776 1317 830 et

188 869 382 934 mulieres
402 868 591 951 quaedam
617 888 658 932 ex
677 869 829 934 nostris
853 871 1092 934 terrueruut
1114 890 1193 948 nos,
1218 890 1316 953 quae

189 979 279 1039 ante
307 974 435 1038 lucem
464 975 629 1038 fuerunt
657 974 701 1038 ad
729 978 1034 1055 monumentum,
1068 974 1136 1040 '³et
1163 996 1235 1041 ηοη
1263 976 1315 1041 iu·
1346 1003 1350 1040 a

189 1086 308 1144 uento
346 1098 511 1162 corpore
549 1080 637 1144 eius
674 1083 870 1145 uenerunt
901 1080 1084 1146 dicentes
1117 1100 1158 1147 se
1192 1082 1314 1147 etiam

188 1185 1313 1269 uisionemangelorumuidisse,quidicuuteumuiuere.

187 1291 255 1356 '‘et
278 1291 466 1354 abierunt
498 1290 655 1373 quidam
684 1309 726 1354 ex
753 1292 907 1356 nostris
934 1292 979 1356 ad
1007 1297 1314 1358 monumentum.

187 1399 225 1460 et
252 1397 309 1459 ita
337 1396 579 1460 inuenerunt
606 1396 715 1460 sicut
741 1396 930 1460 mulieres
959 1396 1157 1478 dixerunt,
1180 1399 1313 1480 ipsum

186 1521 279 1567 uero
303 1520 375 1565 non
399 1501 593 1566 uiderunt.
626 1502 702 1566 haec
726 1501 897 1566 secundum
916 1501 1033 1566 Lucam
1052 1503 1098 1566 ita
1120 1507 1255 1581 narrant,
1280 1507 1315 1568 ut
1335 1532 1350 1568 η

185 1608 366 1672 meminisse
397 1625 433 1672 ac
465 1607 601 1672 recolere
630 1610 800 1689 potuerunt
826 1605 909 1688 quod
936 1607 1165 1672 amplioribus
1193 1608 1312 1676 dictum

186 1718 252 1777 erat
269 1713 321 1778 uel
341 1734 358 1777 a
377 1712 552 1794 discipulis,
572 1713 625 1794 qui
649 1716 849 1778 cucurrerant
866 1711 906 1776 ad
924 1717 1171 1792 monumentum,
1191 1715 1314 1796 quando

185 1820 230 1883 eis
250 1820 427 1884 nuntiatum
448 1824 505 1895 est,
525 1819 608 1901 quod
632 1820 769 1883 ablatum
793 1818 864 1883 inde
888 1820 930 1883 sit
954 1838 1065 1903 corpus
1088 1820 1167 1885 eius.
1191 1820 1314 1904 etipse

183 1924 309 2006 quidem
327 1924 428 1989 Lucas
443 1924 572 1988 Petrum
590 1929 712 1988 tantum
732 1925 809 1989 dicit
827 1926 1003 1990 cucurrisse
1017 1925 1056 1989 ad
1074 1930 1312 1991 monumentum

183 2035 213 2096 et
249 2031 505 2113 procumbentem
542 2031 661 2095 uidisse
697 2032 877 2096 linteamina
912 2032 979 2096 sola
1010 2032 1114 2113 posita
1145 2037 1177 2096 et
1208 2032 1312 2098 abisse
1331 2058 1350 2097 a

183 2156 288 2203 secum
321 2136 485 2201 mirantem
519 2136 600 2218 quod
633 2138 750 2201 factum
783 2138 891 2201 tuerat.
923 2139 982 2202 boc
1020 2142 1125 2202 autem
1154 2137 1191 2202 de
1218 2138 1310 2202 Petro

182 2247 415 2318 commemorat,
443 2243 624 2324 priusquam
652 2246 754 2306 narret
782 2242 818 2306 de
846 2243 894 2306 his
923 2242 1056 2319 duobus,
1085 2261 1164 2324 quos
1188 2244 1308 2307 inuenit

180 2349 211 2412 in
244 2349 306 2425 uia,
343 2354 545 2431 posteaquam
583 2348 720 2412 narrauit
751 2348 788 2412 de
820 2348 1015 2426 mulieribus,
1053 2368 1131 2431 qrrae
1164 2348 1308 2413 uiderant

179 2455 306 2537 angelos
325 2457 356 2518 et
378 2453 480 2518 abeis
500 2454 669 2529 audierant,
689 2453 770 2536 quod
790 2455 1009 2518 resurrexisset
1025 2454 1125 2532 Iesus,
1144 2459 1305 2537 tamquam

178 2565 252 2624 ωηο
275 2560 388 2624 Petrus
411 2560 450 2623 ad
473 2564 709 2625 monumentum
738 2560 918 2625 cucurrerit.
951 2560 1005 2624 sed
1028 2561 1224 2644 intellegitur
1246 2560 1306 2625 hoc
1324 2587 1348 2624 no

178 2667 278 2731 Lucas
310 2666 544 2747 recapitulando
572 2666 716 2747 posuisse
744 2665 781 2729 de
808 2666 910 2732 Petro.
952 2669 1026 2730 tunc
1059 2667 1139 2730 enim
1169 2666 1306 2732 cucurrit

178 2772 289 2837 Petms
305 2771 343 2835 ad
357 2775 604 2847 monumentum,
624 2771 745 2854 quando
761 2775 793 2835 et
805 2771 966 2836 Iohannes.
982 2791 1054 2836 cum
1072 2776 1196 2836 tantum
1210 2774 1303 2840 modo

177 2896 194 2940 a
226 2877 423 2951 mulieribus,
457 2878 620 2959 praecipue
648 2895 666 2939 a
692 2876 790 2941 Maria
817 2876 1013 2960 Magdalene,
1047 2878 1226 2942 nuntiatum
1258 2879 1303 2943 eis

176 2985 278 3048 fuerat
296 2982 334 3047 de
353 3001 480 3065 corpore
504 2982 620 3058 ablato;
646 2987 719 3046 tunc
743 2986 847 3046 autem
872 2983 925 3047 illa
949 2986 1155 3059 nuntiauerat,
1180 2983 1304 3065 quando

270 3227 302 3277 14
321 3225 353 3277 cf.
373 3225 435 3277 Luc.
456 3227 497 3286 ¹24,
520 3228 550 3278 1‘2

211 3349 226 3400 2
247 3355 287 3401 est
304 3350 340 3415 B,
361 3353 431 3402 esset
450 3355 506 3408 cet,
525 3348 594 3412 edd..
613 3365 628 3403 o
647 3348 734 3416 (ἐστιν)
825 3350 841 3403 3
860 3350 903 3402 die
924 3349 959 3402 Βι
1048 3351 1138 3420 bodie]
1162 3357 1203 3405 est
1221 3352 1303 3405 hodie

177 3436 240 3490 ΟΨ
256 3436 342 3491 FON
356 3435 396 3491 Ε2
412 3439 504 3507 papum
524 3437 591 3495 edd..
610 3455 633 3498 v.
653 3439 743 3507 agitur
761 3438 817 3492 RD
835 3438 922 3503 (colb.)
1020 3438 1103 3508 quod]
1124 3456 1154 3492 ex
1174 3457 1225 3509 quo
1244 3440 1302 3495 RD

175 3532 255 3592 (uere.
275 3531 347 3579 cont.
367 3525 433 3579 colb.
453 3525 503 3594 Ep.
524 3526 581 3580 aa.
602 3525 659 3593 ct),
678 3543 729 3595 qao
754 3525 806 3578 VF
822 3528 840 3596 ψ
855 3544 911 3595 pm
930 3530 985 3596 (ἀφ’
1005 3521 1045 3596 οὗ)
1102 3528 1248 3597 4quidum
1269 3528 1301 3582 0¹

174 3629 292 3668 nosom.
314 3613 345 3666 0¹
437 3613 624 3667 btuerantR
712 3615 904 3668 bsecraM
991 3616 1127 3685 iuiuere]
1152 3616 1244 3671 uidere
1264 3619 1301 3671 B¹

175 3704 207 3756 10
226 3701 361 3770 uiderunt]
381 3702 540 3755 inuenerunt
559 3703 614 3755 RD
634 3701 708 3756 Viffl
724 3721 757 3773 γχ
777 3703 835 3756 edd.
850 3709 961 3771 praeter
977 3721 1012 3772 m,
1029 3720 1045 3758 o
1065 3705 1135 3770 (Am.
1151 3704 1236 3759 Fora.
1252 3708 1300 3771 al.)

173 3794 315 3843 narrantur
331 3807 349 3858 9
439 3791 468 3842 ll
490 3807 575 3843 sorra.
594 3791 630 3842 B¹
719 3792 750 3843 12
770 3797 923 3845 acumerant
940 3791 985 3852 Bt
1006 3796 1141 3845 currerent
1159 3790 1301 3850 B²AE¹L.

173 3883 345 3932 cucurrerunt
364 3879 390 3931 R
408 3895 422 3930 r
504 3880 535 3930 lb
555 3887 582 3931 et
601 3881 816 3947 procumbentem
835 3897 885 3933 om.
906 3880 1047 3950 FONMQ
1129 3882 1161 3934 17
1180 3884 1301 3936 manaret

174 3964 393 4034 FONQppra
464 3966 568 4019 inberrit
587 3967 613 4019 B
677 3967 709 4020 19
728 3969 870 4022 resurrexit
891 3969 938 4021 ΟΡ
950 3987 980 4036 p,
1000 3967 1160 4022 surrexitV
1227 3969 1302 4024 iesus

173 4069 222 4106 orn.
243 4052 366 4107 HAE¹L
454 4055 487 4108 23
507 4071 582 4122 apr.
601 4071 651 4108 om.
670 4055 707 4108 Βι
793 4059 916 4127 praecipu
936 4057 1306 4128 suprascriptotorum

172 4141 256 4196 auli.
276 4157 324 4200 om.
345 4141 380 4193 M
399 4142 521 4209 ramo
585 4143 758 4213 magdalenae
778 4145 892 4207 BPAL,
914 4163 957 4199 na
983 4145 1032 4199 Vl
1089 4147 1243 4200 nuntiarum
1264 4148 1300 4199 ΒΙ

171 4229 205 4280 24
225 4245 303 4298 corpo
322 4228 360 4281 Βι
